@inproceedings{CorlessJK97,
  author    = {Robert M. Corless and
               David J. Jeffrey and
               Donald E. Knuth},
  title     = {A Sequence of Series for the Lambert {W} Function},
  booktitle = {International Symposium on Symbolic and Algebraic
               Computation, {ISSAC} '97, Maui, Hawaii, USA, July 21--23, 1997},
  pages     = {197--204},
  year      = {1997},
}

@article{MToroServel,
  author    = {Toro, Matías},
  title     = {Técnicas formales de privacidad de datos: ¿Está el Servel protegiendo nuestra privacidad?},
  journal   = {Revista Bits de Ciencia},
  volume    = {1},
  number    = {22},
  pages     = {43--48},
  year      = {2022},
  url       ={https://revistasdex.uchile.cl/index.php/bits/article/view/12645/12666}
}
@article{Garfinkel2022Differential,
	author = {Garfinkel, Simson},
	journal = {MIT Case Studies in Social and Ethical Responsibilities of Computing},
	number = {Winter 2022},
	year = {2022},
	month = {jan 24},
	url = {https://mit-serc.pubpub.org/pub/differential-privacy-2020-us-census},
	publisher = {MIT Schwarzman College of Computing},
	title = {Differential {Privacy} and the 2020 {US} {Census}},
}

@misc{LeyTransparencia,
  title = {Ley N° 20.285 sobre Acceso a la Información Pública},
  author = {{República de Chile}},
  year = {2008},
  note = {Promulgada el 11 de agosto de 2008},
  url = {https://www.bcn.cl/leychile/navegar?idNorma=276363},
}

@misc{LeyProteccionDatos,
  title = {Ley N° 19.628 sobre Protección de la Vida Privada},
  author = {{República de Chile}},
  year = {1999},
  note = {Promulgada el 28 de agosto de 1999},
  url = {https://www.bcn.cl/leychile/navegar?idNorma=141599},
}

% Differential Privacy
@article{DBLP:journals/fttcs/DworkR14,
  author       = {Cynthia Dwork and
                  Aaron Roth},
  title        = {The Algorithmic Foundations of Differential Privacy},
  journal      = {Found. Trends Theor. Comput. Sci.},
  volume       = {9},
  number       = {3-4},
  pages        = {211--407},
  year         = {2014},
  url          = {https://doi.org/10.1561/0400000042},
  doi          = {10.1561/0400000042},
  timestamp    = {Sat, 30 Sep 2023 10:13:44 +0200},
  biburl       = {https://dblp.org/rec/journals/fttcs/DworkR14.bib},
  bibsource    = {dblp computer science bibliography, https://dblp.org}
}

% Anonimizacion
@book{anonimization,
author = {Fung, Benjamin C.M. and Wang, Ke and Fu, Ada Wai-Chee and Yu, Philip S.},
title = {Introduction to Privacy-Preserving Data Publishing: Concepts and Techniques},
year = {2010},
isbn = {1420091484},
publisher = {Chapman \& Hall/CRC},
edition = {1st},
abstract = {Gaining access to high-quality data is a vital necessity in knowledge-based decision making. But data in its raw form often contains sensitive information about individuals. Providing solutions to this problem, the methods and tools of privacy-preserving data publishing enable the publication of useful information while protecting data privacy. Introduction to Privacy-Preserving Data Publishing: Concepts and Techniques presents state-of-the-art information sharing and data integration methods that take into account privacy and data mining requirements. The first part of the book discusses the fundamentals of the field. In the second part, the authors present anonymization methods for preserving information utility for specific data mining tasks. The third part examines the privacy issues, privacy models, and anonymization methods for realistic and challenging data publishing scenarios. While the first three parts focus on anonymizing relational data, the last part studies the privacy threats, privacy models, and anonymization methods for complex data, including transaction, trajectory, social network, and textual data. This book not only explores privacy and information utility issues but also efficiency and scalability challenges. In many chapters, the authors highlight efficient and scalable methods and provide an analytical discussion to compare the strengths and weaknesses of different solutions.}
}

@phdthesis{Turing38,
  author    = {Alan M. Turing},
  title     = {Systems of Logic Based on Ordinals},
  school    = {Princeton University, NJ, {USA}},
  year      = {1938},
  doi       = {10.1112/plms/s2-45.1.161},
}

@misc{CensusApportionment2024,
  author       = {{U.S. Census Bureau}},
  title        = {About Congressional Apportionment},
  year         = {2021},
  url          = {https://www.census.gov/topics/public-sector/congressional-apportionment/about.html},
  note         = {Último acceso: Noviembre 25, 2024}
}

@misc{Ley20840,
  author = {{República de Chile}},
  title        = {LEY NÚM. 20.840
SUSTITUYE EL SISTEMA ELECTORAL BINOMINAL POR UNO DE CARÁCTER PROPORCIONAL INCLUSIVO Y FORTALECE LA REPRESENTATIVIDAD DEL CONGRESO NACIONAL},
  year         = {2015},
  url          = {https://www.bcn.cl/leychile/navegar?idNorma=1077039},
  note         = {Promulgada el 27 de abril de 2015.}
}

@misc{manualINE,
  author       = {{Instituto Nacional de Estadísticas, Chile}},
  title        = {Manual para Censistas - Censo 2017},
  year         = {2017},
  url          = {https://www.ine.gob.cl/docs/default-source/censo-de-poblacion-y-vivienda/manuales/censo-2017/manual-para-censistas.pdf?sfvrsn=80f7e0c9_4},
  note         = {Último acceso: 4 de septiembre de 2024.}
}

@article{dataswappingeurope,
  author       = {Jiří Novák and Jaroslav Sixta},
  title        = {Visualization of Record Swapping},
  journal      = {Austrian Journal of Statistics},
  volume       = {53},
  number       = {2},
  pages        = {1--16},
  year         = {2024},
  doi          = {10.17713/ajs.v53i2.1466},
  url          = {https://doi.org/10.17713/ajs.v53i2.1466},
  note         = {Publicado el 16 de enero de 2024.},
}


@misc{SDCHandbook2023,
  author       = {{European Commission}},
  title        = {Handbook on Statistical Disclosure Control},
  year         = {2023},
  url          = {https://cros.ec.europa.eu/system/files/2023-12/SDC_Handbook.pdf},
  note         = {Último acceso: 28 de noviembre de 2024.}
}

@article{rankSwapping,
  author       = {Dalenius, Tore and Reiss, Stephen P.},
  title        = {Data-Swapping: A Technique for Disclosure Control},
  journal      = {Journal of Statistical Planning and Inference},
  volume       = {6},
  pages        = {73--85},
  year         = {1982},
  doi          = {10.1016/0378-3758(82)90058-1},
}

@misc{ogCKM,
  author       = {Bruce Fraser and Janice Wooton},
  title        = {A Proposed Method for Confidentialising Tabular Output to Protect Against Differencing},
  year         = {2005},
  note         = {Supporting Paper, submitted by the Australian Bureau of Statistics. Joint UNECE/Eurostat work session on statistical data confidentiality, Geneva, Switzerland, 9-11 November 2005.},
  url          = {https://unece.org/fileadmin/DAM/stats/documents/ece/ces/ge.46/2005/wp.35.e.pdf},
  organization = {United Nations Economic Commission for Europe (UNECE), Eurostat},
}

@misc{cbsARGUS,
  author       = {{Statistics Netherlands}},
  title        = {Statistical Disclosure Control},
  note         = {Online resource for statistical confidentiality tools and research},
  url          = {https://research.cbs.nl/casc/index.htm},
  organization = {Statistics Netherlands},
  year         = {2023}
}

@misc{Abowd2022,
  author       = {John M. Abowd and Robert Ashmead and Ryan Cumings-Menon and Simson Garfinkel and Micah Heineck and Christine Heiss and Robert Johns and Daniel Kifer and Philip Leclerc and Ashwin Machanavajjhala and Brett Moran and William Sexton and Matthew Spence and Pavel Zhuravlev},
  title        = {Experiments in Differential Privacy for the 2020 Census of Population and Housing},
  year         = {2022},
  url          = {https://www2.census.gov/adrm/CED/Papers/CY22/2022-002-AbowdAshmeadCumingMenonGarfinkelEtal.pdf},
  note         = {U.S. Census Bureau. Último acceso: 2 de diciembre de 2024.}
}


@misc{USCodeTitle13,
  author       = {{United States Congress}},
  title        = {U.S. Code, Title 13 - Census},
  year         = {2009},
  url          = {https://www.govinfo.gov/content/pkg/USCODE-2009-title13/html/USCODE-2009-title13.htm},
  organization = {U.S. Government Printing Office}
}


@misc{Ley20678,
  title        = {Ley N° 20.678: ESTABLECE LA ELECCIÓN DIRECTA DE LOS CONSEJEROS REGIONALES},
  author       = {{República de Chile}},
  year         = {2013},
  url          = {https://www.bcn.cl/leychile/navegar?idNorma=1051270},
  note         = {Promulgada el 7 de junio de 2013. Define el número de consejeros regionales basado en los datos de población regional.}
}

@misc{DatosCenso2017,
  author       = {{Instituto Nacional de Estadísticas (INE)}},
  title        = {Censo de Población y Vivienda 2017 - Microdatos},
  year         = {2017},
  url          = {https://www.ine.gob.cl/estadisticas/sociales/censos-de-poblacion-y-vivienda/censo-de-poblacion-y-vivienda},
  note         = {Contiene información sobre los microdatos del Censo de 2017 en Chile. Último acceso: 4 de septiembre de 2024},
  organization = {Instituto Nacional de Estadísticas (INE), Chile}
}

@manual{INE2017,
  title        = {Manual de Usuario de la Base de Datos del Censo de Población y Vivienda 2017},
  author       = {{Instituto Nacional de Estadísticas (INE)}},
  year         = {2018},
  organization = {Instituto Nacional de Estadísticas (INE)},
  url          = {https://www.ine.gob.cl/docs/default-source/censo-de-poblacion-y-vivienda/bbdd/censo-2017/manual-de-usuario/manual_de_usuario_censo_2017_16r.pdf?sfvrsn=38710602_4},
  note         = {Último acceso: 1 de diciembre de 2024}
}

@book{near_abuah_2021,
   title={Programming Differential Privacy},
   author={Near, Joseph P. and Abuah, Chiké},
   volume={1},
   url={https://programming-dp.com/},
   year={2021}
}

@inproceedings{NEURIPS2020_b53b3a3d,
 author = {Canonne, Cl\'{e}ment L and Kamath, Gautam and Steinke, Thomas},
 booktitle = {Advances in Neural Information Processing Systems},
 editor = {H. Larochelle and M. Ranzato and R. Hadsell and M.F. Balcan and H. Lin},
 pages = {15676--15688},
 publisher = {Curran Associates, Inc.},
 title = {The Discrete Gaussian for Differential Privacy},
 url = {https://proceedings.neurips.cc/paper_files/paper/2020/file/b53b3a3d6ab90ce0268229151c9bde11-Paper.pdf},
 volume = {33},
 year = {2020}
}

